@inproceedings{ali2020implicit,
  title={The implicit regularization of stochastic gradient flow for least squares},
  author={Ali, Alnur and Dobriban, Edgar and Tibshirani, Ryan},
  booktitle={International Conference on Machine Learning},
  pages={233--244},
  year={2020},
  organization={PMLR}
}
@inproceedings{ali2019continuous,
  title={A continuous-time view of early stopping for least squares regression},
  author={Ali, Alnur and Kolter, J Zico and Tibshirani, Ryan J},
  booktitle={The 22nd International Conference on Artificial Intelligence and Statistics},
  pages={1370--1378},
  year={2019},
  organization={PMLR}
}